<?xml version="1.0" encoding="UTF-8"?><collection xmlns="http://www.loc.gov/MARC21/slim"><record><leader>00375nam--2200133-i-4500</leader><controlfield tag="001">000002030</controlfield><controlfield tag="002">20161230</controlfield><controlfield tag="005">20161230201024</controlfield><controlfield tag="008">060222s1000------------r-----000-0-eng-d</controlfield><datafield ind1=" " ind2=" " tag="100"><subfield code="a">Goldemberg, J. /S.A.</subfield></datafield><datafield ind1=" " ind2=" " tag="245"><subfield code="a">The desintegration of ga73</subfield></datafield><datafield ind1=" " ind2=" " tag="260"><subfield code="a">Rio De Janeiro,  Centro Brasileiro De Pesquisas Fisicas, 1958. 7 P. + 1 Fig</subfield></datafield><datafield ind1=" " ind2=" " tag="490"><subfield code="a">Notas De Fisica</subfield></datafield><datafield ind1=" " ind2=" " tag="852"><subfield code="a">13930</subfield></datafield></record></collection>